001  0000164
005  20180707115907.118
008  170720s||||     bl|||||||||||||||||por|u
020    $a9788571605251
040    $aPorto Alegre$bpor
080    $2869(81)-94$a1997
090    $a869(81)-94$bS586c$c3 ed.
100 1  $aSilva, Cidinha da
245 10 $aCada tridente em seu lugar$cCidinha da Silva
260    $aBelo Horizonte$bMazza Edições$c2010
300    $a96 p.
650    $aPreconceito racial
650    $aIdentidade
650    $aLiteratura
650    $aRacismo
650    $aDiscriminação racial
650    $aCrônica
650    $aGênero
